@Article{land11060886,
	AUTHOR = {Cappucci, Sergio and Nappi, Serena and Cappelli, Andrea},
	TITLE = {Green Public Areas and Urban Open Spaces Management: New GreenCAL Tool Algorithms and Circular Economy Implications},
	JOURNAL = {Land},
	VOLUME = {11},
	YEAR = {2022},
	NUMBER = {6},
	ARTICLE-NUMBER = {886},
	URL = {https://www.mdpi.com/2073-445X/11/6/886},
	ISSN = {2073-445X},
	DOI = {10.3390/land11060886}
}


